<?xml version="1.0" encoding="UTF-8"?><record xmlns="http://www.loc.gov/MARC21/slim" xmlns:cinclude="http://apache.org/cocoon/include/1.0" xmlns:zs="http://www.loc.gov/zing/srw/">
  <leader>01218cz  a2200169n  4500</leader>
  <controlfield tag="001">nr 94033442 </controlfield>
  <controlfield tag="003">DLC</controlfield>
  <controlfield tag="005">20130319181506.0</controlfield>
  <controlfield tag="008">941006n| azannaab           |a aaa     c</controlfield>
  <datafield tag="010" ind1=" " ind2=" ">
    <subfield code="a">nr 94033442 </subfield>
  </datafield>
  <datafield tag="040" ind1=" " ind2=" ">
    <subfield code="a">NjP</subfield>
    <subfield code="b">eng</subfield>
    <subfield code="e">rda</subfield>
    <subfield code="c">NjP</subfield>
    <subfield code="d">DLC</subfield>
  </datafield>
  <datafield tag="046" ind1=" " ind2=" ">
    <subfield code="g">1802~</subfield>
    <subfield code="2">edtf</subfield>
  </datafield>
  <datafield tag="100" ind1="0" ind2=" ">
    <subfield code="a">Kyprianos,</subfield>
    <subfield code="c">Archimandrite,</subfield>
    <subfield code="d">-approximately 1802</subfield>
  </datafield>
  <datafield tag="400" ind1="0" ind2=" ">
    <subfield code="w">nnea</subfield>
    <subfield code="a">Kyprianos,</subfield>
    <subfield code="c">Archimandrite,</subfield>
    <subfield code="d">d. ca. 1802</subfield>
  </datafield>
  <datafield tag="670" ind1=" " ind2=" ">
    <subfield code="a">Hē Monē Kykkou, ho Archimandritēs Kyprianos kai ho typographos Michaēl Glykēs, 1989:</subfield>
    <subfield code="b">t.p. (ho Archimandritēs Kyprianos) p. 26, etc. (bequeathed library to Monē Kykkou; d. between 1802-1805; scholar, book collector from Cyprus)</subfield>
  </datafield>
  <datafield tag="670" ind1=" " ind2=" ">
    <subfield code="a">Thrēs. kai ēth. enky.</subfield>
    <subfield code="b">(Kyprianos, ho Archimandritēs, Cypriot chronicler, known for historical works on Cyprus island, d. ca. 1815)</subfield>
  </datafield>
  <datafield tag="670" ind1=" " ind2=" ">
    <subfield code="a">Historia chronologikē tēs Nēsou Kyprou, 1997:</subfield>
    <subfield code="b">t.p. (Archimandritē Kyprianou) p. vii (born during the first half of the 18th century in the village of Koilani tēs eparchias Lemesou (the exact date of birth is unknown, but is in any case placed after 1730) and he died in Venice during the beginning of the 19th century (some say the date to be around 1804 while others place the date between 1813 and 1818))</subfield>
  </datafield>
</record>